@book{chang2005quimica,
  author    = {Chang, Raymond},
  title     = {Química},
  year      = {2005},
  publisher = {McGraw-Hill},
  address   = {México},
  edition   = {9th},
  isbn      = {9789701052180},
}

